@article{sankaran2021does,
  title={How does manufacturing output affect export behaviors in emerging market economies? Evidence from a dynamic panel ARDL for ten biggest emerging market economies},
  author={Sankaran, Arumugam and Krishna, Arjun and Vadivel, Arjunan},
  journal={Future Business Journal},
  volume={7},
  number={1},
  pages={26},
  year={2021},
  publisher={Springer}
}